@article{DBLP:journals/scholarpedia/Jaeger07,
  author    = {Herbert Jaeger},
  title     = {Echo state network},
  journal   = {Scholarpedia},
  volume    = {2},
  number    = {9},
  pages     = {2330},
  year      = {2007},
  url       = {https://doi.org/10.4249/scholarpedia.2330},
  doi       = {10.4249/scholarpedia.2330},
  timestamp = {Sun, 28 May 2017 13:17:20 +0200},
  biburl    = {https://dblp.org/rec/bib/journals/scholarpedia/Jaeger07},
  bibsource = {dblp computer science bibliography, https://dblp.org}
}

@article{JaegerESN,
author = {Jaeger, Herbert},
year = {2001},
month = {01},
pages = {},
title = {The ``echo state'' approach to analysing and training recurrent neural networks-with an erratum note'},
volume = {148},
booktitle = {Bonn, Germany: German National Research Center for Information Technology GMD Technical Report}
}


@article{Hochreiter:1997:LSM:265493.264179,
 author = {Hochreiter, Sepp and Schmidhuber, J\"{u}rgen},
 title = {Long Short-term Memory},
 journal = {Neural Comput.},
 issue_date = {Nov. 15, 1997},
 volume = {9},
 number = {9},
 month = nov,
 year = {1997},
 issn = {0899-7667},
 pages = {1735--1780},
 numpages = {46},
 url = {http://dx.doi.org/10.1162/neco.1997.9.8.1735},
 doi = {10.1162/neco.1997.9.8.1735},
 acmid = {264179},
 publisher = {MIT Press},
 address = {Cambridge, MA, USA},
} 

@inproceedings{DBLP:conf/icml/PascanuMB13,
  author    = {Razvan Pascanu and
               Tomas Mikolov and
               Yoshua Bengio},
  title     = {On the difficulty of training recurrent neural networks},
  booktitle = {Proceedings of the 30th International Conference on Machine Learning,
               {ICML} 2013, Atlanta, GA, USA, 16-21 June 2013},
  pages     = {1310--1318},
  year      = {2013},
  crossref  = {DBLP:conf/icml/2013},
  url       = {http://jmlr.org/proceedings/papers/v28/pascanu13.html},
  timestamp = {Wed, 29 Mar 2017 16:45:25 +0200},
  biburl    = {https://dblp.org/rec/bib/conf/icml/PascanuMB13},
  bibsource = {dblp computer science bibliography, https://dblp.org}
}

@article{DBLP:journals/corr/KingmaB14,
  author    = {Diederik P. Kingma and
               Jimmy Ba},
  title     = {Adam: {A} Method for Stochastic Optimization},
  journal   = {CoRR},
  volume    = {abs/1412.6980},
  year      = {2014},
  url       = {http://arxiv.org/abs/1412.6980},
  archivePrefix = {arXiv},
  eprint    = {1412.6980},
  timestamp = {Wed, 07 Jun 2017 14:40:52 +0200},
  biburl    = {https://dblp.org/rec/bib/journals/corr/KingmaB14},
  bibsource = {dblp computer science bibliography, https://dblp.org}
}

@article{RMSProp,
    author = {Tieleman, T. and Hinton, G.},
    citeulike-article-id = {13833942},
    citeulike-linkout-0 = {http://www.cs.toronto.edu/\~{}tijmen/csc321/slides/lecture\_slides\_lec6.pdf},
    keywords = {gradient\_based\_descenting, loss\_functions, optimization},
    posted-at = {2015-11-09 16:27:58},
    priority = {2},
    title = {{RMSprop Gradient Optimization}},
    url = {http://www.cs.toronto.edu/\~{}tijmen/csc321/slides/lecture\_slides\_lec6.pdf}
}

@MISC{RNNEffective,
author = {Andrej Karpathy},
title ={The Unreasonable Effectiveness of Recurrent Neural Networks},
url={http://karpathy.github.io/2015/05/21/rnn-effectiveness/}
}

@article{DBLP:journals/corr/abs-1711-10151,
  author    = {Lane McIntosh and
               David Sussillo and
               Niru Maheswaranathan and
               Jonathon Shlens},
  title     = {Recurrent Segmentation for Variable Computational Budgets},
  journal   = {CoRR},
  volume    = {abs/1711.10151},
  year      = {2017},
  url       = {http://arxiv.org/abs/1711.10151},
  archivePrefix = {arXiv},
  eprint    = {1711.10151},
  timestamp = {Mon, 04 Dec 2017 18:34:59 +0100},
  biburl    = {https://dblp.org/rec/bib/journals/corr/abs-1711-10151},
  bibsource = {dblp computer science bibliography, https://dblp.org}
}

@article{DBLP:journals/corr/WuSCLNMKCGMKSJL16,
  author    = {Yonghui Wu and
               Mike Schuster and
               Zhifeng Chen and
               Quoc V. Le and
               Mohammad Norouzi and
               Wolfgang Macherey and
               Maxim Krikun and
               Yuan Cao and
               Qin Gao and
               Klaus Macherey and
               Jeff Klingner and
               Apurva Shah and
               Melvin Johnson and
               Xiaobing Liu and
               Lukasz Kaiser and
               Stephan Gouws and
               Yoshikiyo Kato and
               Taku Kudo and
               Hideto Kazawa and
               Keith Stevens and
               George Kurian and
               Nishant Patil and
               Wei Wang and
               Cliff Young and
               Jason Smith and
               Jason Riesa and
               Alex Rudnick and
               Oriol Vinyals and
               Greg Corrado and
               Macduff Hughes and
               Jeffrey Dean},
  title     = {Google's Neural Machine Translation System: Bridging the Gap between
               Human and Machine Translation},
  journal   = {CoRR},
  volume    = {abs/1609.08144},
  year      = {2016},
  url       = {http://arxiv.org/abs/1609.08144},
  archivePrefix = {arXiv},
  eprint    = {1609.08144},
  timestamp = {Thu, 01 Mar 2018 22:53:14 +0100},
  biburl    = {https://dblp.org/rec/bib/journals/corr/WuSCLNMKCGMKSJL16},
  bibsource = {dblp computer science bibliography, https://dblp.org}
}